<record><leader>00000cas a22000007a 4500</leader><controlfield tag="001">23057168</controlfield><controlfield tag="008">910204d19uu1976maudn ne      0    0eng d</controlfield><datafield ind1=" " ind2=" " tag="010"><subfield code="a">sn 89062594 </subfield></datafield><datafield ind1=" " ind2=" " tag="040"><subfield code="a">MGN</subfield><subfield code="b">eng</subfield><subfield code="c">MGN</subfield><subfield code="d">OCLCQ</subfield></datafield><datafield ind1="0" ind2=" " tag="130"><subfield code="a">Springfield daily news (Springfield, Mass. : Hampden Hampshire ed.)</subfield></datafield><datafield ind1="1" ind2="0" tag="245"><subfield code="a">Springfield daily news.</subfield></datafield><datafield ind1=" " ind2=" " tag="250"><subfield code="a">Hampden Hampshire ed.</subfield></datafield><datafield ind1=" " ind2=" " tag="260"><subfield code="a">Springfield, Mass. :</subfield><subfield code="b">[s.n.]</subfield></datafield><datafield ind1=" " ind2=" " tag="300"><subfield code="a">v.</subfield></datafield><datafield ind1=" " ind2=" " tag="310"><subfield code="a">Daily (except Sun.)</subfield></datafield><datafield ind1="1" ind2=" " tag="362"><subfield code="a">Ceased June 12, 1976?</subfield></datafield><datafield ind1=" " ind2=" " tag="500"><subfield code="a">Published in several regional editions.</subfield></datafield><datafield ind1=" " ind2=" " tag="588"><subfield code="a">Description based on: 88th year, no. 200 (Oct. 18, 1967).</subfield></datafield><datafield ind1=" " ind2=" " tag="752"><subfield code="a">United States</subfield><subfield code="b">Massachusetts</subfield><subfield code="c">Hampden</subfield><subfield code="d">Springfield.</subfield></datafield><datafield ind1=" " ind2=" " tag="752"><subfield code="a">United States</subfield><subfield code="b">Massachusetts</subfield><subfield code="c">Hampden.</subfield></datafield><datafield ind1=" " ind2=" " tag="752"><subfield code="a">United States</subfield><subfield code="b">Massachusetts</subfield><subfield code="c">Hampshire.</subfield></datafield><datafield ind1="0" ind2="0" tag="785"><subfield code="t">Daily news (Springfield, Mass. : Hampden Hampshire ed.)</subfield></datafield></record>